@book{Yamane:04,
   title = "Simulating and generating motions of human figures",
   author = "Yamane, Katsu",
   series = "STAR / Springer tracts in advanced robotics",
   publisher = "Springer",
   address = "Berlin",
   url = "http://opac.inria.fr/record=b1119062",
   isbn = "3-540-20317-6",
   note = "evolution of the author's PhD",
   year = 2004
}

@inproceedings{Park:98,
  title={The enhanced compact QP method for redundant manipulators using practical inequality constraints},
  author={Park, Ki Cheol and Chang, Pyung Hun and Kim, Seung Ho},
  booktitle={Robotics and Automation, 1998. Proceedings. 1998 IEEE International Conference on},
  volume={1},
  pages={107--114},
  year={1998},
  organization={IEEE}
}

@inproceedings{AlessioEnrico2015,
  title={OpenSoT: a Whole-Body Control Library for the Compliant Humanoid Robot COMAN},
  author={Rocchi, Alessio and Hoffman, Enrico Mingo and Caldwell, Darwin G. and Tsagarakis, Nikos G.},
  booktitle={Robotics and Automation (ICRA), 2015 IEEE International Conference on},
  pages={1093--1099},
  year={2015},
  organization={IEEE}
}

@article{ferreau2013,
  title={qpOASES: A parametric active-set algorithm for quadratic programming},
  author={Ferreau, Hans Joachim and Kirches, Christian and Potschka, Andreas and Bock, Hans Georg and Diehl, Moritz},
  journal={Mathematical Programming Computation},
  pages={1--37},
  year={2013},
  publisher={Springer}
}

@book{Nakamura1990ARR533662,
 author = {Nakamura, Yoshihiko},
 title = {Advanced Robotics: Redundancy and Optimization},
 year = {1990},
 isbn = {0201151987},
 edition = {1st},
 publisher = {Addison-Wesley Longman Publishing Co., Inc.},
 address = {Boston, MA, USA},
} 

@inproceedings{mansard2009versatile,
  title={A versatile generalized inverted kinematics implementation for collaborative working humanoid robots: The stack of tasks},
  author={Mansard, Nicolas and Stasse, Olivier and Evrard, Paul and Kheddar, Abderrahmane},
  booktitle={Advanced Robotics, 2009. ICAR 2009. International Conference on},
  pages={1--6},
  year={2009},
  organization={IEEE}
}
@inproceedings{DBLP:conf/icra/FlaccoLK12,
  author    = {Flacco, Fabrizio and De Luca, Alessandro and Khatib, Oussama},
  title     = {Motion control of redundant robots under joint constraints: Saturation
               in the Null Space},
  booktitle = {{IEEE} International Conference on Robotics and Automation, {ICRA}
               2012, 14-18 May, 2012, St. Paul, Minnesota, {USA}},
  year      = {2012},
  pages     = {285--292},
  url       = {http://dx.doi.org/10.1109/ICRA.2012.6225376},
  doi       = {10.1109/ICRA.2012.6225376},
  timestamp = {Wed, 01 Oct 2014 09:44:12 +0200},
  biburl    = {http://dblp.uni-trier.de/rec/bib/conf/icra/FlaccoLK12},
  bibsource = {dblp computer science bibliography, http://dblp.org}
}

@INPROCEEDINGS { ramos-humanoid-14,
    AUTHOR = { O. Ramos and N. Mansard and P. Sou\`eres },
    TITLE = { Whole-body Motion Integrating the Capture Point in the Operational Space Inverse Dynamics Control },
    BOOKTITLE = { IEEE-RAS International Conference on Humanoid Robots (Humanoid'14) },
    YEAR = { 2014 },
    ADDRESS = { Madrid, Spain },
    MONTH = { November },
    PDF = { http://hal.archives-ouvertes.fr/hal-01074921/document },
}

@article{kanehiro2008local,
  title={A local collision avoidance method for non-strictly convex polyhedra},
  author={Kanehiro, Fumio and Lamiraux, Florent and Kanoun, Oussama and Yoshida, Eiichi and Laumond, Jean-Paul},
  journal={Proceedings of robotics: science and systems IV},
  year={2008}
}