@conference {ROS,
	title = {ROS: an open-source Robot Operating System},
	booktitle = {ICRA Workshop on Open Source Software},
	year = {2009},
	attachments = {http://www.willowgarage.com/sites/default/files/icraoss09-ROS.pdf},
	author = {Morgan Quigley and Ken Conley and Brian P. Gerkey and Josh Faust and Tully Foote and Jeremy Leibs and Rob Wheeler and Andrew Y. Ng}
}

@article{Metta:YARP:2006,
  added-at = {2007-05-05T21:46:40.000+0200},
  author = {Metta, G. and Fitzpatrick, P. and Natale, L.},
  biburl = {http://www.bibsonomy.org/bibtex/2f0bb53290115f13f411351a3ec17dfd6/bernuly},
  interhash = {6bfa3b44b8aeaf82e1f6b97679f77ad9},
  intrahash = {f0bb53290115f13f411351a3ec17dfd6},
  journal = {International Journal of Advanced Robotics Systems, special issue on Software Development and Integration in Robotics},
  keywords = {imported},
  number = 1,
  timestamp = {2007-05-05T21:46:40.000+0200},
  title = {YARP: Yet Another Robot Platform},
  volume = 3,
  year = 2006
}

@conference {Tsagarakis12,
	title = {Compliant Humanoid COMAN: Optimal Joint Stiffness Tuning for Modal Frequency Control.} ,
	booktitle = {ICRA} ,
	year = {2013} ,
	author = {Tsagarakis, Nikos G. and G. M. Cerda and Zhibin Li and Caldwell, Darwin G. },
	pages = {665-670}
}

@article{tsagarakis2007icub,
  title={iCub: the design and realization of an open humanoid platform for cognitive and neuroscience research},
  author={Tsagarakis, Nikolaos G and Metta, Giorgio and Sandini, Giulio and Vernon, David and Beira, Ricardo and Becchi, Francesco and Righetti, Ludovic and Santos-Victor, Jose and Ijspeert, Auke Jan and Carrozza, Maria Chiara and others},
  journal={Advanced Robotics},
  volume={21},
  number={10},
  pages={1151--1175},
  year={2007},
  publisher={Taylor \& Francis}
}

@InProceedings{cace08rdk,
	title = "Open{RDK}: a modular framework for robotic software development",
	booktitle = "Proceedings of International Conference on Intelligent Robots and Systems (IROS)",
	author = "D. Calisi and A. Censi and L. Iocchi and D. Nardi",
	month = sep,
	year = "2008",
	pages = "1872--1877",
	location = "Nice, France",
	tags = "openrdk",
	pdf = "http://www.dis.uniroma1.it/\~calisi/papers/cace08rdk.pdf",
	isbn = "978-1-4244-2057-5",
	doi = "10.1109/IROS.2008.4651213"
}

@InProceedings{koenig2004design,
	title = "Design and use paradigms for gazebo, an open-source multi-robot simulator",
	booktitle = "Intelligent Robots and Systems, 2004.(IROS 2004). Proceedings. 2004 IEEE/RSJ International Conference on",
	author = "Koenig, Nathan and Howard, Andrew",
	year = "2004",
	pages = "2149--2154",
	volume = "3"
}

@inproceedings{Tikhanoff:2008:OSC:1774674.1774684,
 author = {Tikhanoff, V. and Cangelosi, A. and Fitzpatrick, P. and Metta, G. and Natale, L. and Nori, F.},
 title = {An Open-source Simulator for Cognitive Robotics Research: The Prototype of the iCub Humanoid Robot Simulator},
 booktitle = {Proceedings of the 8th Workshop on Performance Metrics for Intelligent Systems},
 series = {PerMIS '08},
 year = {2008},
 isbn = {978-1-60558-293-1},
 location = {Gaithersburg, Maryland},
 pages = {57--61},
 numpages = {5},
 url = {http://doi.acm.org/10.1145/1774674.1774684},
 doi = {10.1145/1774674.1774684},
 acmid = {1774684},
 publisher = {ACM},
 address = {New York, NY, USA},
 keywords = {cognitive robotics, iCub humanoid robot, open-source, simulator},
} 

@inproceedings{metta2008icub,
  title={The iCub humanoid robot: an open platform for research in embodied cognition},
  author={Metta, Giorgio and Sandini, Giulio and Vernon, David and Natale, Lorenzo and Nori, Francesco},
  booktitle={Proceedings of the 8th workshop on performance metrics for intelligent systems},
  pages={50--56},
  year={2008},
  organization={ACM}
}

@ONLINE{DRC,
author = {DARPA},
title = {DARPA Robotics Challenge},
year = {2013},
url = {http://www.theroboticschallenge.org/}
}

@ONLINE{OSRF,
author = {OSRF},
title = {Open Source Robotics FOundation},
year = {2011},
url = {http://osrfoundation.org/}
}

@ONLINE{ODE,
author = {Smith, Russel},
title = {Open Dynamic Engine},
year = {2000},
url = {http://www.ode.org/}
}

@ONLINE{BULLET,   
author = {Erwin, Coumans},
title = {Bullet},
year = {2003},
url = {http://www.bulletphysics.org/}
}


@ONLINE{DART,
author = {Georgia Tech},
title = {DART},
year = {2013},
url = {http://dartsim.github.io/}
}

@book{Featherstone:2007:RBD:1324846,
 author = {Featherstone, Roy},
 title = {Rigid Body Dynamics Algorithms},
 year = {2007},
 isbn = {0387743146},
 publisher = {Springer-Verlag New York, Inc.},
 address = {Secaucus, NJ, USA},
}

@phdthesis{diankovthesis,
 author = "Rosen Diankov",
 title = "Automated Construction of Robotic Manipulation Programs",
 school = "Carnegie Mellon University, Robotics Institute",
 month = "August",
 year = "2010",
 number= "CMU-RI-TR-10-29"
}

@ARTICLE{Michel04cyberboticsltd,
    author = {Olivier Michel},
    title = {Cyberbotics Ltd. Webots TM : Professional Mobile Robot Simulation},
    journal = {Int. Journal of Advanced Robotic Systems},
    year = {2004},
    volume = {1},
    pages = {39--42}
}

@INPROCEEDINGS{Gerkey03theplayer/stage,
    author = {Brian P. Gerkey and Richard T. Vaughan and Andrew Howard},
    title = {The Player/Stage Project: Tools for Multi-Robot and Distributed Sensor Systems},
    booktitle = {In Proceedings of the 11th International Conference on Advanced Robotics},
    year = {2003},
    pages = {317--323}
}

@article{Sherman2011241,
title = "Simbody: multibody dynamics for biomedical research ",
journal = "Procedia \{IUTAM\} ",
volume = "2",
number = "0",
pages = "241 - 261",
year = "2011",
issn = "2210-9838",
author = "Michael A. Sherman and Ajay Seth and Scott L. Delp",
}

@inproceedings{koenig2004design,
  title={Design and use paradigms for gazebo, an open-source multi-robot simulator},
  author={Koenig, Nathan and Howard, Andrew},
  booktitle={Intelligent Robots and Systems, 2004.(IROS 2004). Proceedings. 2004 IEEE/RSJ International Conference on},
  volume={3},
  pages={2149--2154},
  organization={IEEE}
}

@article{DBLP:journals/corr/IvaldiPN14,
  author    = {Serena Ivaldi and
               Vincent Padois and
               Francesco Nori},
  title     = {Tools for dynamics simulation of robots: a survey based
               on user feedback},
  journal   = {CoRR},
  volume    = {abs/1402.7050},
  year      = {2014},
}

@inproceedings{conf/iros/RohmerSF13,
  added-at = {2014-01-10T00:00:00.000+0100},
  author = {Rohmer, Eric and Singh, Surya P. N. and Freese, Marc},
  biburl = {http://www.bibsonomy.org/bibtex/206767e5c20351a1efc7fc82516f4a333/dblp},
  booktitle = {IROS},
  crossref = {conf/iros/2013},
  ee = {http://dx.doi.org/10.1109/IROS.2013.6696520},
  interhash = {7d6de73dd771f726c9f74f8f387adf93},
  intrahash = {06767e5c20351a1efc7fc82516f4a333},
  keywords = {dblp},
  pages = {1321-1326},
  publisher = {IEEE},
  timestamp = {2014-01-10T00:00:00.000+0100},
  title = {V-REP: A versatile and scalable robot simulation framework.},
  year = 2013
}

@article{journals/ijrr/KanehiroHK04,
  added-at = {2012-11-13T00:00:00.000+0100},
  author = {Kanehiro, Fumio and Hirukawa, Hirohisa and Kajita, Shuuji},
  biburl = {http://www.bibsonomy.org/bibtex/22bdc28cfcef90a008c8b7d2af911cf2a/dblp},
  ee = {http://dx.doi.org/10.1177/0278364904041324},
  interhash = {6b728884264f4699de86c85c25bd5724},
  intrahash = {2bdc28cfcef90a008c8b7d2af911chttps://github.com/robotology-playground/icub_gazebof2a},
  journal = {I. J. Robotic Res.},
  keywords = {dblp},
  number = 2,
  pages = {155-165},
  timestamp = {2012-11-13T00:00:00.000+0100},
  title = {OpenHRP: Open Architecture Humanoid Robotics Platform.},
  volume = 23,
  year = 2004
}

@inproceedings{conf/iros/TodorovET12,
  added-at = {2013-01-04T00:00:00.000+0100},
  author = {Todorov, Emanuel and Erez, Tom and Tassa, Yuval},
  biburl = {http://www.bibsonomy.org/bibtex/22218cb5d1a40b6e6c2b6077fdff08fbf/dblp},
  booktitle = {IROS},
  crossref = {conf/iros/2012},
  ee = {http://dx.doi.org/10.1109/IROS.2012.6386109},
  interhash = {869ab290a52bafc47114756b66df3c25},
  intrahash = {2218cb5d1a40b6e6c2b6077fdff08fbf},
  isbn = {978-1-4673-1737-5},
  keywords = {dblp},
  pages = {5026-5033},
  publisher = {IEEE},
  timestamp = {2013-01-04T00:00:00.000+0100},
  title = {MuJoCo: A physics engine for model-based control.},
  year = 2012
}

@inproceedings{wbi14,
  author = {Eljaik, Jorhabib and del Prete, Andrea and Traversaro, SIlvio and Randazzo, Marco and Nori, Francesco},
  booktitle = {ICRA, Workshop on MATLAB/Simulink for Robotics Education and Research},
  publisher = {IEEE},
  title = {WBI Toolbox (WBI-T): A Simulink Wrapper for Robot Whole Body Control.},
  year = 2014
}

