@conference(binh,
    author = "Nan Binh, and Caleb McCue, and Kevin O'Brien",
    title = "Example conference paper reference",
    booktitle = "Proceedings of National Reference Example Convention",
    address = "Pittsburgh, PA",
    year = 1998
}

@article(baldwin,
    author = "Charles Baldwin, and Caleb Bevan, and Aaron Beshalske",
    title = "Example of journal article reference",
    year = 2000,
    journal = "Journal of Reference Examples",
    volume = 141,
    pages = "171--177"
    }

@book{baxter,
    title = "Example references of books with one author",
    author = "Claire Baxter",
    publisher = "New York: Random House",
    year = 1997
    }

@book{stock,
    editor = "Greg Stock, and James Campbell",
    title = "Example references of books with editors",
    publisher = "Philadelphia: Curd and Cover",
    year = 2000
}

@book{apa,
    key = "APA Online Guide",
    year = 2006,
    note = "Retrieved January 12, 2006, from http://www.apastyle.org/"
    }

@misc{wisconsin,
    key = "University of Wisconsin-Madison's APA Guide",
    year = 2004,
    note = "Retrieved January 12, 2006, from http://www.wisc.edu/writest/Handbook/DocAPA.html"
}

@book{Nakamura1990ARR533662,
 author = {Nakamura, Yoshihiko},
 title = {Advanced Robotics: Redundancy and Optimization},
 year = {1990},
 isbn = {0201151987},
 edition = {1st},
 publisher = {Addison-Wesley Longman Publishing Co., Inc.},
 address = {Boston, MA, USA},
} 

@misc{DRC,
  title = {DARPA Robotics Challenge},
  author = {DARPA},
  howpublished = {http://www.theroboticschallenge.org/},
  year = {2015}
}

@article{DBLPJournalsTaseAgueroKCBPHGPRM15,
  author    = {Carlos E. Ag{\"{u}}ero and
               Nate Koenig and
               Ian Chen and
               Hugo Boyer and
               Steven C. Peters and
               John M. Hsu and
               Brian P. Gerkey and
               Steffi Paepcke and
               Jose L. Rivero and
               Justin Manzo and
               Eric Krotkov and
               Gill A. Pratt},
  title     = {Inside the Virtual Robotics Challenge: Simulating Real-Time Robotic
               Disaster Response},
  journal   = {{IEEE} T. Automation Science and Engineering},
  volume    = {12},
  number    = {2},
  pages     = {494--506},
  year      = {2015},
  url       = {http://dx.doi.org/10.1109/TASE.2014.2368997},
  doi       = {10.1109/TASE.2014.2368997},
  timestamp = {Thu, 09 Apr 2015 16:41:45 +0200},
  biburl    = {http://dblp2.uni-trier.de/rec/bib/journals/tase/AgueroKCBPHGPRM15},
  bibsource = {dblp computer science bibliography, http://dblp.org}
}

@article{Ferreau2014,
author="Ferreau, Hans Joachim and Kirches, Christian and Potschka, Andreas and
    Bock, Hans Georg and Diehl, Moritz",
title="{qpOASES: a parametric active-set algorithm for~quadratic programming.}",
language="English",
journal="Math. Program. Comput. ",
volume="6",
number="4",
pages="327-363",
year="2014",
doi={10.1007/s12532-014-0071-1},
abstract="{Summary: Many practical applications lead to optimization problems
    that can either be stated as quadratic programming (QP) problems or require
    the solution of QP problems on a lower algorithmic level. One relatively
    recent approach to solve QP problems are parametric active-set methods that
    are based on tracing the solution along a linear homotopy between a QP
    problem with known solution and the QP problem to be solved. This approach
    seems to make them particularly suited for applications where a-priori
    information can be used to speed-up the QP solution or where high solution
    accuracy is required. In this paper we describe the open-source C++ software
    package {\tt qpOASES}, which implements a parametric active-set method in a
    reliable and efficient way. Numerical tests show that {\tt qpOASES} can
    outperform other popular academic and commercial QP solvers on small- to
    medium-scale convex test examples of the Maros-M\'esz\'aros QP collection.
    Moreover, various interfaces to third-party software packages make it easy
    to use, even on embedded computer hardware. Finally, we describe how {\tt
    qpOASES} can be used to compute critical points of nonconvex QP problems.}",
keywords="{parametric quadratic programming; active set method; model predictive
    control}",
classmath="{*90C20 (Quadratic programming)
65K05 (Mathematical programming (numerical methods))
}",
}

@inproceedings{DBLPConfIrosFlacco014,
  author    = {Flacco, Fabrizio and De Luca, Alessandro},
  title     = {A reverse priority approach to multi-task control of redundant robots},
  booktitle = {2014 {IEEE/RSJ} International Conference on Intelligent Robots and
               Systems, Chicago, IL, USA, September 14-18, 2014},
  pages     = {2421--2427},
  year      = {2014},
  crossref  = {DBLP:conf/iros/2014},
  url       = {http://dx.doi.org/10.1109/IROS.2014.6942891},
  doi       = {10.1109/IROS.2014.6942891},
  timestamp = {Thu, 13 Nov 2014 14:41:42 +0100},
  biburl    = {http://dblp2.uni-trier.de/rec/bib/conf/iros/Flacco014},
  bibsource = {dblp computer science bibliography, http://dblp.org}
}

@inproceedings{siciliano1991general,
  title={A general framework for managing multiple tasks in highly redundant robotic systems},
  author={Siciliano, Bruno and Slotine, Jean-Jacques E},
  booktitle={Advanced Robotics, 1991.'Robots in Unstructured Environments', 91 ICAR., Fifth International Conference on},
  pages={1211--1216},
  year={1991},
  organization={IEEE}
}

@book{DBLPReferenceRobo2008,
  editor    = {Bruno Siciliano and
               Oussama Khatib},
  title     = {Springer Handbook of Robotics},
  publisher = {Springer},
  year      = {2008},
  isbn      = {978-3-540-23957-4},
  timestamp = {Thu, 18 Sep 2008 12:57:07 +0200},
  biburl    = {http://dblp.uni-trier.de/rec/bib/reference/robo/2008},
  bibsource = {dblp computer science bibliography, http://dblp.org}
}

@article{MaciejewskiK89,
  added-at = {2012-11-13T00:00:00.000+0100},
  author = {Maciejewski, Anthony A. and Klein, Charles A.},
  biburl = {http://www.bibsonomy.org/bibtex/20cef4fbda38fb5349f98addc113dc527/dblp},
  ee = {http://dx.doi.org/10.1177/027836498900800605},
  interhash = {651fee60f8afde0552408172756d0c23},
  intrahash = {0cef4fbda38fb5349f98addc113dc527},
  journal = {I. J. Robotic Res.},
  keywords = {dblp},
  number = 6,
  pages = {63-79},
  timestamp = {2012-11-14T11:44:22.000+0100},
  title = {The Singular Value Decomposition: Computation and Applications to Robotics.},
  volume = 8,
  year = 1989
}

@book{Siciliano:2008:RMP:1524151,
 author = {Siciliano, Bruno and Sciavicco, Lorenzo and Villani, Luigi and Oriolo, Giuseppe},
 title = {Robotics: Modelling, Planning and Control},
 year = {2008},
 isbn = {1846286417, 9781846286414},
 edition = {1st},
 publisher = {Springer Publishing Company, Incorporated},
} 

@inproceedings{el2013optimal,
  title={Optimal motion planning for humanoid robots},
  author={El Khoury, Antonio and Lamiraux, Florent and Taix, Michel},
  booktitle={Robotics and Automation (ICRA), 2013 IEEE International Conference on},
  pages={3136--3141},
  year={2013},
  organization={IEEE}
}

@inproceedings{mansard2009versatile,
  title={A versatile generalized inverted kinematics implementation for collaborative working humanoid robots: The stack of tasks},
  author={Mansard, Nicolas and Stasse, Olivier and Evrard, Paul and Kheddar, Abderrahmane},
  booktitle={Advanced Robotics, 2009. ICAR 2009. International Conference on},
  pages={1--6},
  year={2009},
  organization={IEEE}
}

@inproceedings{kanoun2009prioritizing,
  title={Prioritizing linear equality and inequality systems: application to local motion planning for redundant robots},
  author={Kanoun, Oussama and Lamiraux, Florent and Wieber, Pierre-Brice and Kanehiro, Fumio and Yoshida, Eiichi and Laumond, Jean-Paul},
  booktitle={Robotics and Automation, 2009. ICRA'09. IEEE International Conference on},
  pages={2939--2944},
  year={2009},
  organization={IEEE}
}

@inproceedings{el2013optimal,
  title={Optimal motion planning for humanoid robots},
  author={El Khoury, Antonio and Lamiraux, Florent and Taix, Michel},
  booktitle={Robotics and Automation (ICRA), 2013 IEEE International Conference on},
  pages={3136--3141},
  year={2013},
  organization={IEEE}
}

@inproceedings{AlessioEnrico2015,
  title={OpenSoT: a Whole-Body Control Library for the Compliant Humanoid Robot COMAN},
  author={Rocchi, Alessio and Hoffman, Enrico Mingo and Caldwell, Darwin G. and Tsagarakis, Nikos G.},
  booktitle={Robotics and Automation (ICRA), 2015 IEEE International Conference on},
  pages={1093--1099},
  year={2015},
  organization={IEEE}
}

@article{kanoun2011kinematic,
  title={Kinematic control of redundant manipulators: Generalizing the task-priority framework to inequality task},
  author={Kanoun, Oussama and Lamiraux, Florent and Wieber, Pierre-Brice},
  journal={Robotics, IEEE Transactions on},
  volume={27},
  number={4},
  pages={785--792},
  year={2011},
  publisher={IEEE}
}

@INPROCEEDINGS{1087982, 
author={Faverjon, B. and Tournassoud, P.}, 
booktitle={Robotics and Automation. Proceedings. 1987 IEEE International Conference on}, 
title={A local based approach for path planning of manipulators with a high number of degrees of freedom}, 
year={1987}, 
month={Mar}, 
volume={4}, 
pages={1152-1159}, 
keywords={Joining processes;Law;Legal factors;Manipulators;Minimization methods;Motion planning;Orbital robotics;Path planning;Robots;Wrist}, 
doi={10.1109/ROBOT.1987.1087982}
}

@article{kanehiro2008local,
  title={A local collision avoidance method for non-strictly convex polyhedra},
  author={Kanehiro, Fumio and Lamiraux, Florent and Kanoun, Oussama and Yoshida, Eiichi and Laumond, Jean-Paul},
  journal={Proceedings of robotics: science and systems IV},
  year={2008}
}

@INPROCEEDINGS{6225337, 
author={Jia Pan and Chitta, S. and Manocha, D.}, 
booktitle={Robotics and Automation (ICRA), 2012 IEEE International Conference on}, 
title={FCL: A general purpose library for collision and proximity queries}, 
year={2012}, 
month={May}, 
pages={3859-3866}, 
keywords={cameras;collision avoidance;deformation;grippers;mobile robots;optical radar;query processing;robot vision;FCL;LIDAR sensors;art collision algorithms;art proximity algorithms;articulated models;collision queries;continuous collision detection;deformable models;discrete collision detection;flexible architecture;general purpose library;grasping computations;library runtime performance;model representations;motion planning;multiple proximity queries;noisy point clouds;penetration depth estimation;probabilistic collision checking;proximity computation;separation distance computation;synthetic datasets;two-armed mobile manipulation robot;Charge coupled devices;Collision avoidance;Computational modeling;Deformable models;Libraries;Robots;Shape}, 
doi={10.1109/ICRA.2012.6225337}, 
ISSN={1050-4729}
}

@MastersThesis{knese2014msc,
author = {K. Knese},
title  = {Realizing Online (Self-)Collision Avoidance Based on Inequality Constraints with Hierarchical Inverse Kinematics},
school = {Technical University of Munich},
address = {Germany},
year = {2014},
month = {July}
}

@article{chitta2012moveit,
  title={Moveit![ROS topics]},
  author={Chitta, Sachin and Sucan, Ioan and Cousins, Steve},
  journal={IEEE Robotics \& Automation Magazine},
  volume={1},
  number={19},
  pages={18--19},
  year={2012}
}

@inproceedings{boser1992training,
  title={A training algorithm for optimal margin classifiers},
  author={Boser, Bernhard E and Guyon, Isabelle M and Vapnik, Vladimir N},
  booktitle={Proceedings of the fifth annual workshop on Computational learning theory},
  pages={144--152},
  year={1992},
  organization={ACM}
}

@article{cortes1995support,
  title={Support-vector networks},
  author={Cortes, Corinna and Vapnik, Vladimir},
  journal={Machine learning},
  volume={20},
  number={3},
  pages={273--297},
  year={1995},
  publisher={Springer}
}

@article{chang2011libsvm,
  title={LIBSVM: A library for support vector machines},
  author={Chang, Chih-Chung and Lin, Chih-Jen},
  journal={ACM Transactions on Intelligent Systems and Technology (TIST)},
  volume={2},
  number={3},
  pages={27},
  year={2011},
  publisher={ACM}
}

@article{lin2003practical,
  title={A practical guide to support vector classification},
  author={Lin, Chih Jen and Hsu, Chih-Wei and Chang, Chih-Chung},
  journal={National Taiwan U., www. csie. ntu. edu. tw/cjlin/papers/guide/guide. pdf},
  year={2003}
}

@conference {Tsagarakis12,
	title = {Compliant Humanoid COMAN: Optimal Joint Stiffness Tuning for Modal Frequency Control.} ,
	booktitle = {ICRA} ,
	year = {2013} ,
	author = {Tsagarakis, Nikos G. and G. M. Cerda and Zhibin Li and Caldwell, Darwin G. },
	pages = {665-670}
}

@conference {Beeson15,
	title = {TRAC-IK: An Open-Source Library for Improved Solving of Generic Inverse Kinematics.} ,
	booktitle = {Humanoids: IEEE-RAS International Conference on Humanoid Robots} ,
	year = {2015} ,
	author = {Patrick, Beeson and Barrett, Ames }
}

@inproceedings{DBLP:conf/icra/FlaccoLK12,
  author    = {Flacco, Fabrizio and De Luca, Alessandro and Khatib, Oussama},
  title     = {Motion control of redundant robots under joint constraints: Saturation
               in the Null Space},
  booktitle = {{IEEE} International Conference on Robotics and Automation, {ICRA}
               2012, 14-18 May, 2012, St. Paul, Minnesota, {USA}},
  year      = {2012},
  pages     = {285--292},
  url       = {http://dx.doi.org/10.1109/ICRA.2012.6225376},
  doi       = {10.1109/ICRA.2012.6225376},
  timestamp = {Wed, 01 Oct 2014 09:44:12 +0200},
  biburl    = {http://dblp.uni-trier.de/rec/bib/conf/icra/FlaccoLK12},
  bibsource = {dblp computer science bibliography, http://dblp.org}
}

@article{journals/trob/MansardC07,
  added-at = {2008-02-19T00:00:00.000+0100},
  author = {Mansard, Nicolas and Chaumette, François},
  biburl = {http://www.bibsonomy.org/bibtex/21309be1279ae97ae699e666abba1c059/dblp},
  date = {2008-02-19},
  description = {dblp},
  ee = {http://dx.doi.org/10.1109/TRO.2006.889487},
  interhash = {db1de9933f8c4231d23d63f8b1cfcf0e},
  intrahash = {1309be1279ae97ae699e666abba1c059},
  journal = {IEEE Transactions on Robotics},
  keywords = {dblp},
  number = 1,
  pages = {60-72},
  timestamp = {2008-02-19T00:00:00.000+0100},
  title = {Task Sequencing for High-Level Sensor-Based Control.},
  url = {http://dblp.uni-trier.de/db/journals/trob/trob23.html#MansardC07},
  volume = 23,
  year = 2007
}

@inproceedings{conf/iros/PattaciniNNMS10,
  added-at = {2011-08-26T00:00:00.000+0200},
  author = {Pattacini, Ugo and Nori, Francesco and Natale, Lorenzo and Metta, Giorgio and Sandini, Giulio},
  biburl = {http://www.bibsonomy.org/bibtex/2cab93e908fa163c60e27d2e85bf4c950/dblp},
  booktitle = {IROS},
  ee = {http://dx.doi.org/10.1109/IROS.2010.5650851},
  interhash = {f3f1252159720a8e1e750153b6024d23},
  intrahash = {cab93e908fa163c60e27d2e85bf4c950},
  isbn = {978-1-4244-6674-0},
  keywords = {dblp},
  pages = {1668-1674},
  publisher = {IEEE},
  timestamp = {2011-08-26T00:00:00.000+0200},
  title = {An experimental evaluation of a novel minimum-jerk cartesian controller for humanoid robots.},
  url = {http://dblp.uni-trier.de/db/conf/iros/iros2010.html#PattaciniNNMS10},
  year = 2010
}



@article{journals/trob/SentisPK10,
  added-at = {2010-09-22T00:00:00.000+0200},
  author = {Sentis, Luis and Park, Jaeheung and Khatib, Oussama},
  biburl = {http://www.bibsonomy.org/bibtex/2583195e08b1d374df88a87e45b60c10c/dblp},
  ee = {http://dx.doi.org/10.1109/TRO.2010.2043757},
  interhash = {2263c80e2bb6f7b13f2eccc88aceaed3},
  intrahash = {583195e08b1d374df88a87e45b60c10c},
  journal = {IEEE Transactions on Robotics},
  keywords = {dblp},
  number = 3,
  pages = {483-501},
  timestamp = {2010-09-22T00:00:00.000+0200},
  title = {Compliant Control of Multicontact and Center-of-Mass Behaviors in Humanoid Robots.},
  url = {http://dblp.uni-trier.de/db/journals/trob/trob26.html#SentisPK10},
  volume = 26,
  year = 2010
}



@article{fallon_architecture_2014,
	title = {An Architecture for Online Affordance-based Perception and Whole-body Planning},
	copyright = {http://creativecommons.org/licenses/by/4.0/},
	url = {http://dspace.mit.edu/handle/1721.1/85690},
	abstract = {The {DARPA} Robotics Challenge Trials held in December 2013 provided a landmark demonstration of dexterous mobile robots executing a variety of tasks aided by a remote human operator using only data from the robot's sensor suite transmitted over a constrained, field-realistic communications link. We describe the design considerations, architecture, implementation and performance of the software that Team {MIT} developed to command and control an Atlas humanoid robot. Our design emphasized human interaction with an efficient motion planner, where operators expressed desired robot actions in terms of affordances fit using perception and manipulated in a custom user interface. We highlight several important lessons we learned while developing our system on a highly compressed schedule.},
	urldate = {2014-03-17},
	journal = {Journal of Field Robotics},
	author = {Fallon, Maurice and Kuindersma, Scott and Karumanchi, Sisir and Antone, Matthew and Schneider, Toby and Dai, Hongkai and Perez D'Arpino, Claudia and Deits, Robin and DiCicco, Matt and Fourie, Dehann and Koolen, Twan and Marion, Pat and Posa, Michael and Valenzuela, Andres and Yu, Kuan-Ting and Shah, Julie and Iagnemma, Karl and Tedrake, Russ and Teller, Seth},
	year = {2014},
	keywords = {{CV}, humanoids2014, masters, wafr14},
	file = {Fallon et al_2014_An Architecture for Online Affordance-based Perception and Whole-body Planning.pdf:/Users/rdeits/Library/Application Support/Zotero/Profiles/5x41ulse.default/zotero/storage/HFSAP8SE/Fallon et al_2014_An Architecture for Online Affordance-based Perception and Whole-body Planning.pdf:application/pdf;Snapshot:/Users/rdeits/Library/Application Support/Zotero/Profiles/5x41ulse.default/zotero/storage/HRE3B4P2/85690.html:text/html}
}

@conference {mansard:icar:09,
	title = {A Versatile Generalized Inverted Kinematics Implementation for Collaborative Working Humanoid Robots: The Stack of Tasks},
	booktitle = {International Conference on Advanced Robotics (ICAR)},
	year = {2009},
	month = {June},
	pages = {119},
	author = {N. Mansard and O. Stasse and P. Evrard and A. Kheddar}
}

@conference {Ajoudani14,
	title = {Manipulation Framework for Compliant Humanoid COMAN: Application to a Valve Turning Task},
	booktitle = { IEEE-RAS International Conference on Humanoid Robots, Humanoids 2014},
	year = {In Press},
	address = {Spain},
	keywords = {Haptics, Robotics},
	author = {A. Ajoudani and J. Lee and A. Rocchi and M. Ferrati and E. Mingo Hoffman and A Settimi and D. G. Caldwell and A. Bicchi and N G Tsagarakis}
}

@conference {Fang15ca,
	title = {Efficient Self-Collision Avoidance based on Focus of Interest for Humanoid Robots},
	booktitle = { IEEE-RAS International Conference on Humanoid Robots, Humanoids 2015},
	year = {Accepted},
	address = {Korea},
	keywords = {Haptics, Robotics},
	author = {C. Fang and A. Rocchi and E. Mingo Hoffman and D. G. Caldwell and N G Tsagarakis}
}

@book{Ott:2008:CIC:1481160,
 author = {Ott, Christian},
 title = {Cartesian Impedance Control of Redundant and Flexible-Joint Robots},
 year = {2008},
 isbn = {3540692533, 9783540692539},
 edition = {1},
 publisher = {Springer Publishing Company, Incorporated},
}

@inproceedings{salisbury-1980a,
  added-at = {2008-03-02T02:12:02.000+0100},
  author = {Salisbury, J. K.},
  biburl = {http://www.bibsonomy.org/bibtex/27e74dc687e5f172896cd473b6c2abbc8/dmartins},
  booktitle = {Proceedings of the 19th IEEE Conference on Decision and Control},
  description = {robotica-bib},
  interhash = {bafa30dcc9b981cf081c9cd4d0bc6e11},
  intrahash = {7e74dc687e5f172896cd473b6c2abbc8},
  keywords = {imported},
  note = {Reprinted in: A tutorial on Robotics 2nd Edition 1986 IEEE},
  notes = {A SRL refernce.},
  timestamp = {2008-03-02T02:12:02.000+0100},
  title = {Active Stiffness Control of a Manipulator in {Cartesian} Coordinates},
  year = 1980
}
@inproceedings{Schaffer04,
  author = {Albu-Sch{\"{a}}ffer, Alin and Fischer, Max and Schreiber, G{\"{u}}nter and Schoeppe, Florian and Hirzinger, Gerd} ,
  booktitle = {IROS} ,
  pages = {3295-3301} ,
  publisher = {IEEE} ,
  title = {Soft robotics: what Cartesian stiffness can obtain with passively compliant, uncoupled joints?} ,
  year = {2004}
}

@incollection{de2010multiple,
  title={Multiple-point kinematic control of a humanoid robot},
  author={De Santis, Agostino and Di Gironimo, Giuseppe and Pelliccia, Luigi and Siciliano, Bruno and Tarallo, Andrea},
  booktitle={Advances in Robot Kinematics: Motion in Man and Machine},
  pages={157--168},
  year={2010},
  publisher={Springer}
}

@article{DBLP:journals/trob/Khatib87,
  author    = {Oussama Khatib},
  title     = {A unified approach for motion and force control of robot
               manipulators: The operational space formulation},
  journal   = {IEEE J. Rob. Autom.},
  volume    = {3},
  number    = {1},
  year      = {1987},
  pages     = {43-53},
  ee        = {http://dx.doi.org/10.1109/JRA.1987.1087068},
  bibsource = {DBLP, http://dblp.uni-trier.de}
  }

@article{de2010feature,
  title={Feature-based locomotion controllers},
  author={de Lasa, Martin and Mordatch, Igor and Hertzmann, Aaron},
  journal={ACM Transactions on Graphics (TOG)},
  volume={29},
  number={4},
  pages={131},
  year={2010},
  publisher={ACM}
}

@article{kanoun2011kinematic,
  title={Kinematic control of redundant manipulators: Generalizing the task-priority framework to inequality task},
  author={Kanoun, Oussama and Lamiraux, Florent and Wieber, P-B},
  journal={Robotics, IEEE Transactions on},
  volume={27},
  number={4},
  pages={785--792},
  year={2011},
  publisher={IEEE}
}

@article{escande2014hierarchical,
  title={Hierarchical quadratic programming: Fast online humanoid-robot motion generation},
  author={Escande, Adrien and Mansard, Nicolas and Wieber, Pierre-Brice},
  url={https://hal.archives-ouvertes.fr/hal-00751924},
  journal={The International Journal of Robotics Research},
  publisher={SAGE},
  volume={33},
  number={7},
  pages={1006--1028},
  year={2014},
  month={Jun}
}

@inproceedings{salini2011synthesis,
  title={Synthesis of complex humanoid whole-body behavior: a focus on sequencing and tasks transitions},
  author={Salini, Joseph and Padois, Vincent and Bidaud, Philippe},
  booktitle={Robotics and Automation (ICRA), 2011 IEEE International Conference on},
  pages={1283--1290},
  year={2011},
  organization={IEEE}
}

@inproceedings{wensing2013generation,
  title={Generation of dynamic humanoid behaviors through task-space control with conic optimization},
  author={Wensing, Patrick M and Orin, David E},
  booktitle={Robotics and Automation (ICRA), 2013 IEEE International Conference on},
  pages={3103--3109},
  year={2013},
  organization={IEEE}
}

@article{ferreau2013qpoases,
  title={qpOASES: A parametric active-set algorithm for quadratic programming},
  author={Ferreau, Hans Joachim and Kirches, Christian and Potschka, Andreas and Bock, Hans Georg and Diehl, Moritz},
  journal={Mathematical Programming Computation},
  pages={1--37},
  year={2013},
  publisher={Springer}
}

@article{ferreau2008online,
  title={An online active set strategy to overcome the limitations of explicit MPC},
  author={Ferreau, Hans Joachim and Bock, Hans Georg and Diehl, Moritz},
  journal={International Journal of Robust and Nonlinear Control},
  volume={18},
  number={8},
  pages={816--830},
  year={2008},
  publisher={Wiley Online Library}
}

@article{sciavicco1988solution,
  title={A solution algorithm to the inverse kinematic problem for redundant manipulators},
  author={Sciavicco, Lorenzo and Siciliano, Bruno},
  journal={Robotics and Automation, IEEE Journal of},
  volume={4},
  number={4},
  pages={403--410},
  year={1988},
  publisher={IEEE}
}

@article{chiacchio1991closed,
  title={Closed-loop inverse kinematics schemes for constrained redundant manipulators with task space augmentation and task priority strategy},
  author={Chiacchio, Pasquale and Chiaverini, Stefano and Sciavicco, Lorenzo and Siciliano, Bruno},
  journal={The International Journal of Robotics Research},
  volume={10},
  number={4},
  pages={410--425},
  year={1991},
  publisher={Sage Publications}
}

@article{siciliano1990kinematic,
  title={Kinematic control of redundant robot manipulators: A tutorial},
  author={Siciliano, Bruno},
  journal={Journal of Intelligent and Robotic Systems},
  volume={3},
  number={3},
  pages={201--212},
  year={1990},
  publisher={Springer}
}

@article{Nakanishi08operationalspace,
  author =		 {Nakanishi, J. and Cory, R. and Mistry, M. and Peters, J. and Schaal, S.},
  year =		 {2008},
  title =		 {Operational space control: A theoretical and empirical comparison},
  booktitle =		 {International Journal of Robotics Research},
  URL =			 {http://www-clmc.usc.edu/publications/N/nakanishi-IJRR2008.pdf},
  number =		 {6},
  pages =		 {737--757}
}

@InProceedings{    SmitsBruyninckxDeSchutter2009,
  author          = {Smits, Ruben and Bruyninckx, Herman and De~Schutter, Joris},
  title           = {Software support for high-level specification, execution and estimation of event-driven, constraint-based multi-sensor robot tasks},
  booktitle       = {Proceedings of the 2009 International Conference on Advanced Robotics},
  title           = {Proceedings of the 2009 International Conference on Advanced Robotics},
  year            = {2009},
  address         = {Munich, Germany},
  keywords        = {specification, itasc, skills}
}

@book{Yamane:04,
   title = "Simulating and generating motions of human figures",
   author = "Yamane, Katsu",
   series = "STAR / Springer tracts in advanced robotics",
   publisher = "Springer",
   address = "Berlin",
   url = "http://opac.inria.fr/record=b1119062",
   isbn = "3-540-20317-6",
   note = "evolution of the author's PhD",
   year = 2004
}

@inproceedings{Park:98,
  title={The enhanced compact QP method for redundant manipulators using practical inequality constraints},
  author={Park, Ki Cheol and Chang, Pyung Hun and Kim, Seung Ho},
  booktitle={Robotics and Automation, 1998. Proceedings. 1998 IEEE International Conference on},
  volume={1},
  pages={107--114},
  year={1998},
  organization={IEEE}
}

@inproceedings{Kajita:03,
  added-at = {2013-02-20T00:00:00.000+0100},
  author = {Kajita, Shuuji and Kanehiro, Fumio and Kaneko, Kenji and Fujiwara, Kiyoshi and Harada, Kensuke and Yokoi, Kazuhito and Hirukawa, Hirohisa},
  biburl = {http://www.bibsonomy.org/bibtex/20080a946a41ac364097d7a635ee1164e/dblp},
  booktitle = {ICRA},
  crossref = {conf/icra/2003},
  ee = {http://dx.doi.org/10.1109/ROBOT.2003.1241826},
  interhash = {fb61516e70d6fd3870c966275813a5ef},
  intrahash = {0080a946a41ac364097d7a635ee1164e},
  keywords = {dblp},
  pages = {1620-1626},
  publisher = {IEEE},
  timestamp = {2013-02-21T11:56:41.000+0100},
  title = {Biped walking pattern generation by using preview control of zero-moment point.},
  url = {http://dblp.uni-trier.de/db/conf/icra/icra2003.html#KajitaKKFHYH03},
  year = 2003
}+

@inproceedings{milighetti:2011,
  title={Adaptive predictive gaze control of a redundant humanoid robot head},
  author={Milighetti, Giulio and Vallone, Luca and De Luca, Alessandro},
  booktitle={Intelligent Robots and Systems (IROS), 2011 IEEE/RSJ International Conference on},
  pages={3192--3198},
  year={2011},
  organization={IEEE}
}

@inproceedings{hoffman2014yarp,
  title={Yarp based plugins for gazebo simulator},
  author={Mingo Hoffman, Enrico and Traversaro, Silvio and Rocchi, Alessio and Ferrati, Mirko and Settimi, Alessandro and Romano, Francesco and Natale, Lorenzo and Bicchi, Antonio and Nori, Francesco and Tsagarakis, Nikos G},
  booktitle={Modelling and Simulation for Autonomous Systems: First International Workshop, MESAS 2014, Rome, Italy, May 5-6, 2014, Revised Selected Papers},
  volume={8906},
  pages={333},
  year={2014},
  organization={Springer}
}

@unpublished{rocchimingo:16,
    author = "Rocchi, Alessio and Mingo Hoffman, Enrico and G. Caldwell, Darwin and G. Tsagarakis, Nikos",
    title = "OpenSoT: A Whole Body Control Framework for Hyper-Redundant Robots (Part 1)",
    note = "Submitted",
}