
@Article{	  anitescu97,
  title		= "Formulating Dynamic {Multi-Rigid-Body} Contact Problems
		  with Friction as Solvable Linear Complementarity Problems",
  author	= "{Anitescu, Mihai And Potra, Florian}",
  journal	= "Nonlinear Dynamics",
  publisher	= "Kluwer Academic Publishers",
  volume	= 14,
  number	= 3,
  pages		= "231--247",
  year		= 1997,
  keywords	= "ICRA16 Stable Hands"
}

@InProceedings{	  berensonmanipulation13,
  author	= {Berenson, D.},
  booktitle	= {Intelligent Robots and Systems (IROS), 2013 IEEE/RSJ
		  International Conference on},
  title		= {Manipulation of deformable objects without modeling and
		  simulating deformation},
  year		= {2013},
  pages		= {4525-4532},
  keywords	= {Jacobian matrices;approximation theory;collision
		  avoidance;manipulators;Jacobian
		  matrix;approximation;collision avoidance;deformable objects
		  manipulation;diminishing rigidity concept;gripper
		  collision;object geometry;robot;Collision
		  avoidance;Computational modeling;Deformable
		  models;Equations;Grippers;Jacobian matrices;Robots},
  doi		= {10.1109/IROS.2013.6697007},
  issn		= {2153-0858},
  month		= {Nov}
}

@Article{	  birglen11,
  title		= {From flapping wings to underactuated fingers and beyond: a
		  broad look to self-adaptive mechanisms},
  author	= {Birglen, L},
  journal	= {Mechanical Sciences},
  volume	= {2},
  number	= {1},
  pages		= {5--10},
  year		= {2011}
}

@InProceedings{	  boeing07,
  title		= {Evaluation of real-time physics simulation systems},
  author	= {Boeing, Adrian and Br{\"a}unl, Thomas},
  booktitle	= {Proceedings of the 5th international conference on
		  Computer graphics and interactive techniques in Australia
		  and Southeast Asia},
  pages		= {281--288},
  year		= {2007},
  organization	= {ACM}
}

@InProceedings{	  bonilla14,
  title		= {Grasping with Soft Hands},
  author	= {Bonilla, M and Farnioli, E and Piazza, C and Catalano, M
		  and Grioli, G and Garabini, M and Gabiccini, M and Bicchi,
		  A},
  booktitle	= {Humanoid Robots (Humanoids), 2014 14th IEEE-RAS
		  International Conference on},
  pages		= {581--587},
  year		= {2014},
  organization	= {IEEE}
}

@Misc{		  bulletpe,
  author	= {Erwin, Coumans},
  title		= {Bullet Physics Engine},
  year		= {2003},
  note		= "Accessed: 2016-1-20",
  howpublished	= "\url{http://www.bulletphysics.org/}"
}

@InProceedings{	  cace08rdk,
  title		= "Open{RDK}: a modular framework for robotic software
		  development",
  booktitle	= "Proceedings of International Conference on Intelligent
		  Robots and Systems (IROS)",
  author	= "D. Calisi and A. Censi and L. Iocchi and D. Nardi",
  month		= sep,
  year		= "2008",
  pages		= "1872--1877",
  location	= "Nice, France",
  tags		= "openrdk",
  pdf		= "http://www.dis.uniroma1.it/\~calisi/papers/cace08rdk.pdf",
  isbn		= "978-1-4244-2057-5",
  doi		= "10.1109/IROS.2008.4651213"
}

@Article{	  catalano14,
  title		= {Adaptive synergies for the design and control of the
		  Pisa/IIT SoftHand},
  author	= {Catalano, Manuel G and Grioli, Giorgio and Farnioli,
		  Edoardo and Serio, Alessandro and Piazza, Cristina and
		  Bicchi, Antonio},
  journal	= {The International Journal of Robotics Research},
  volume	= {33},
  number	= {5},
  pages		= {768--782},
  year		= {2014},
  publisher	= {SAGE Publications}
}

@InProceedings{	  conf/iros/rohmersf13,
  added-at	= {2014-01-10T00:00:00.000+0100},
  author	= {Rohmer, Eric and Singh, Surya P. N. and Freese, Marc},
  biburl	= {http://www.bibsonomy.org/bibtex/206767e5c20351a1efc7fc82516f4a333/dblp}
		  ,
  booktitle	= {IROS},
  crossref	= {conf/iros/2013},
  ee		= {http://dx.doi.org/10.1109/IROS.2013.6696520},
  interhash	= {7d6de73dd771f726c9f74f8f387adf93},
  intrahash	= {06767e5c20351a1efc7fc82516f4a333},
  keywords	= {dblp},
  pages		= {1321-1326},
  publisher	= {IEEE},
  timestamp	= {2014-01-10T00:00:00.000+0100},
  title		= {V-REP: A versatile and scalable robot simulation
		  framework.},
  year		= 2013
}

@InProceedings{	  conf/iros/todorovet12,
  added-at	= {2013-01-04T00:00:00.000+0100},
  author	= {Todorov, Emanuel and Erez, Tom and Tassa, Yuval},
  biburl	= {http://www.bibsonomy.org/bibtex/22218cb5d1a40b6e6c2b6077fdff08fbf/dblp}
		  ,
  booktitle	= {IROS},
  crossref	= {conf/iros/2012},
  ee		= {http://dx.doi.org/10.1109/IROS.2012.6386109},
  interhash	= {869ab290a52bafc47114756b66df3c25},
  intrahash	= {2218cb5d1a40b6e6c2b6077fdff08fbf},
  isbn		= {978-1-4673-1737-5},
  keywords	= {dblp},
  pages		= {5026-5033},
  publisher	= {IEEE},
  timestamp	= {2013-01-04T00:00:00.000+0100},
  title		= {MuJoCo: A physics engine for model-based control.},
  year		= 2012
}

@Article{	  cully15,
  title		= {Robots that can adapt like animals},
  author	= {Cully, Antoine and Clune, Jeff and Tarapore, Danesh and
		  Mouret, Jean-Baptiste},
  journal	= {Nature},
  volume	= {521},
  number	= {7553},
  pages		= {503--507},
  year		= {2015},
  publisher	= {Nature Publishing Group}
}

@Misc{		  dart,
  author	= {Georgia Tech},
  title		= {DART},
  year		= {2013},
  note		= "Accessed: 2016-1-20",
  howpublished	= "\url{http://dartsim.github.io/}"
}

@Article{	  dblp:journals/corr/ivaldipn14,
  author	= {Serena Ivaldi and Vincent Padois and Francesco Nori},
  title		= {Tools for dynamics simulation of robots: a survey based on
		  user feedback},
  journal	= {CoRR},
  volume	= {abs/1402.7050},
  year		= {2014}
}

@InProceedings{	  deimel13,
  author	= {Deimel, R. and Brock, O.},
  booktitle	= {Robotics and Automation (ICRA), 2013 IEEE International
		  Conference on},
  title		= {A compliant hand based on a novel pneumatic actuator},
  year		= {2013},
  pages		= {2047-2053},
  keywords	= {dexterous manipulators;pneumatic actuators;PneuFlex;RBO
		  hand;compliant robotic hand;extensive grasping
		  experiments;pneumatic actuator;robotic fingers;robust
		  grasping performance;robust shape
		  matching;Fatigue;Materials;Robots;Robustness;Thumb;Wrist},
  doi		= {10.1109/ICRA.2013.6630851},
  issn		= {1050-4729},
  month		= {May}
}

@Article{	  deimel14,
  title		= {A novel type of compliant, underactuated robotic hand for
		  dexterous grasping},
  author	= {Deimel, Raphael and Brock, Oliver},
  journal	= {Robotics: Science and Systems, Berkeley, CA},
  pages		= {1687--1692},
  year		= {2014}
}

@Article{	  diankov08openrave,
  title		= {OpenRAVE: A planning architecture for autonomous
		  robotics},
  author	= {Diankov, Rosen and Kuffner, James},
  journal	= {Robotics Institute, Pittsburgh, PA, Tech. Rep.
		  CMU-RI-TR-08-34},
  volume	= {79},
  year		= {2008}
}

@PhDThesis{	  diankovthesis,
  author	= "Rosen Diankov",
  title		= "Automated Construction of Robotic Manipulation Programs",
  school	= "Carnegie Mellon University, Robotics Institute",
  month		= "August",
  year		= "2010",
  number	= "CMU-RI-TR-10-29"
}

@InProceedings{	  dogar12,
  author	= "Mehmet Dogar and Kaijen Hsiao and Matei Ciocarlie and
		  Siddhartha Srinivasa",
  title		= "Physics-Based Grasp Planning Through Clutter",
  booktitle	= "Robotics: Science and Systems VIII",
  month		= "July",
  year		= "2012"
}

@Misc{		  drc,
  author	= {DARPA},
  title		= {DARPA Robotics Challenge},
  year		= {2013},
  note		= "Accessed: 2016-1-20",
  howpublished	= "\url{http://www.theroboticschallenge.org/}"
}

@InProceedings{	  eppnerplanning15,
  author	= {Eppner, C. and Brock, O.},
  booktitle	= {Robotics and Automation (ICRA), 2015 IEEE International
		  Conference on},
  title		= {Planning grasp strategies That Exploit Environmental
		  Constraints},
  year		= {2015},
  pages		= {4947-4952},
  keywords	= {environmental factors;planning;robots;constraint
		  exploitations;environmental constraints;grasp planning
		  strategies;human grasping;robotic
		  grasping;Force;Grasping;Image edge detection;Planning;Robot
		  sensing systems;Robustness},
  doi		= {10.1109/ICRA.2015.7139886},
  month		= {May}
}

@InProceedings{	  erez15,
  author	= {Erez, T. and Tassa, Y. and Todorov, E.},
  booktitle	= {Robotics and Automation (ICRA), 2015 IEEE International
		  Conference on},
  title		= {Simulation tools for model-based robotics: Comparison of
		  Bullet, Havok, MuJoCo, ODE and PhysX},
  year		= {2015},
  pages		= {4397-4404},
  keywords	= {control engineering computing;digital
		  simulation;middleware;robots;Bullet;Havok;MuJoCo;ODE;PhysX;gaming
		  engines;model-based robotics;simulation
		  tools;Accuracy;Computational
		  modeling;Engines;Joints;Mathematical model;Robot
		  kinematics},
  doi		= {10.1109/ICRA.2015.7139807},
  month		= {May}
}

@Book{		  featherstone:2007:rbd:1324846,
  author	= {Featherstone, Roy},
  title		= {Rigid Body Dynamics Algorithms},
  year		= {2007},
  isbn		= {0387743146},
  publisher	= {Springer-Verlag New York, Inc.},
  address	= {Secaucus, NJ, USA}
}

@InProceedings{	  ferrari92,
  title		= {Planning optimal grasps},
  author	= {Ferrari, Carlo and Canny, John},
  booktitle	= {Robotics and Automation, 1992. Proceedings., 1992 IEEE
		  International Conference on},
  pages		= {2290--2295},
  year		= {1992},
  organization	= {IEEE}
}

@InProceedings{	  gerkey03theplayer/stage,
  author	= {Brian P. Gerkey and Richard T. Vaughan and Andrew Howard},
  title		= {The Player/Stage Project: Tools for Multi-Robot and
		  Distributed Sensor Systems},
  booktitle	= {In Proceedings of the 11th International Conference on
		  Advanced Robotics},
  year		= {2003},
  pages		= {317--323}
}

@InProceedings{	  grioli12,
  title		= {Adaptive synergies: an approach to the design of
		  under-actuated robotic hands},
  author	= {Grioli, Giorgio and Catalano, Manuel and Silvestro,
		  Emanuele and Tono, Simone and Bicchi, Antonio},
  booktitle	= {Intelligent Robots and Systems (IROS), 2012 IEEE/RSJ
		  International Conference on},
  pages		= {1251--1256},
  year		= {2012},
  organization	= {IEEE}
}

@Article{	  hacket14,
  year		= {2014},
  issn		= {0929-5593},
  journal	= {Autonomous Robots},
  volume	= {36},
  number	= {1-2},
  doi		= {10.1007/s10514-013-9367-7},
  title		= {Foreword to the special issue on autonomous grasping and
		  manipulation},
  url		= {http://dx.doi.org/10.1007/s10514-013-9367-7},
  publisher	= {Springer US},
  keywords	= {Autonomous manipulation; Manipulators; Sensing;
		  Evaluation; Robot hand; Robot arm},
  author	= {Hackett, Douglas and Pippine, James and Watson, Adam and
		  Sullivan, Charles and Pratt, Gill},
  pages		= {5-9},
  language	= {English}
}

@InProceedings{	  hauser13blem,
  title		= {Robust contact generation for robot simulation with
		  unstructured meshes},
  author	= {Hauser, Kris},
  booktitle	= {International Symposium on Robotics Research, Singapore},
  year		= {2013}
}

@InCollection{	  hsu14,
  title		= {Extending Open Dynamics Engine for the DARPA Virtual
		  Robotics Challenge},
  author	= {Hsu, John M and Peters, Steven C},
  booktitle	= {Simulation, Modeling, and Programming for Autonomous
		  Robots},
  pages		= {37--48},
  year		= {2014},
  publisher	= {Springer}
}

@Article{	  journals/ijrr/kanehirohk04,
  added-at	= {2012-11-13T00:00:00.000+0100},
  author	= {Kanehiro, Fumio and Hirukawa, Hirohisa and Kajita,
		  Shuuji},
  biburl	= {http://www.bibsonomy.org/bibtex/22bdc28cfcef90a008c8b7d2af911cf2a/dblp}
		  ,
  ee		= {http://dx.doi.org/10.1177/0278364904041324},
  interhash	= {6b728884264f4699de86c85c25bd5724},
  intrahash	= {2bdc28cfcef90a008c8b7d2af911chttps://github.com/robotology-playground/icub_gazebof2a}
		  ,
  journal	= {I. J. Robotic Res.},
  keywords	= {dblp},
  number	= 2,
  pages		= {155-165},
  timestamp	= {2012-11-13T00:00:00.000+0100},
  title		= {OpenHRP: Open Architecture Humanoid Robotics Platform.},
  volume	= 23,
  year		= 2004
}

@Article{	  junggonkim13,
  author	= {Junggon Kim and Iwamoto, K. and Kuffner, J.J. and Ota, Y.
		  and Pollard, N.S.},
  journal	= {Robotics, IEEE Transactions on},
  title		= {Physically Based Grasp Quality Evaluation Under Pose
		  Uncertainty},
  year		= {2013},
  volume	= {29},
  number	= {6},
  pages		= {1424-1439},
  keywords	= {manipulator kinematics;dynamic simulation;grasping
		  process;object dynamics;physically based grasp quality
		  evaluation;pose uncertainty;Computational
		  modeling;Grasping;Robot
		  kinematics;Robustness;Uncertainty;Grasp quality
		  evaluation;object dynamics;pose uncertainty},
  doi		= {10.1109/TRO.2013.2273846},
  issn		= {1552-3098},
  month		= {Dec}
}

@InProceedings{	  kappler15,
  title		= {Leveraging big data for grasp planning},
  author	= {Kappler, Daniel and Bohg, Jeannette and Schaal, Stefan},
  booktitle	= {Robotics and Automation (ICRA), 2015 IEEE International
		  Conference on},
  pages		= {4304--4311},
  year		= {2015},
  organization	= {IEEE}
}


@InProceedings{	  koenig2004design,
  title		= "Design and use paradigms for gazebo, an open-source
		  multi-robot simulator",
  booktitle	= "Intelligent Robots and Systems, 2004.(IROS 2004).
		  Proceedings. 2004 IEEE/RSJ International Conference on",
  author	= "Koenig, Nathan and Howard, Andrew",
  year		= "2004",
  pages		= "2149--2154",
  volume	= "3"
}

@InCollection{	  leon10opengrasp,
  title		= {OpenGrasp: a toolkit for robot grasping simulation},
  author	= {Le{\'o}n, Beatriz and Ulbrich, Stefan and Diankov, Rosen
		  and Puche, Gustavo and Przybylski, Markus and Morales,
		  Antonio and Asfour, Tamim and Moisio, Sami and Bohg,
		  Jeannette and Kuffner, James and others},
  booktitle	= {Simulation, Modeling, and Programming for Autonomous
		  Robots},
  pages		= {109--120},
  year		= {2010},
  publisher	= {Springer}
}

@InProceedings{	  ma13,
  author	= {Ma, R.R. and Odhner, L.U. and Dollar, A.M.},
  booktitle	= {Robotics and Automation (ICRA), 2013 IEEE International
		  Conference on},
  title		= {A modular, open-source 3D printed underactuated hand},
  year		= {2013},
  pages		= {2737-2743},
  keywords	= {control engineering computing;design engineering;dexterous
		  manipulators;grippers;public domain software;rapid
		  prototyping (industrial);three-dimensional
		  printing;3D-printable robotic gripper;3D-printed
		  components;adjustable finger design;commonly-accessible
		  rapid-prototyping techniques;compact robotic
		  gripper;compliant flexure joints;design
		  modifications;design tradeoffs;finger designs;four-finger
		  hand;lightweight robotic gripper;modular finger
		  design;off-the-shelf components;off-the-shelf
		  parts;open-source 3D printed underactuated hand;open-source
		  designs;open-source user community;robotic
		  hands;Assembly;Geometry;Personal digital
		  assistants;Robots},
  doi		= {10.1109/ICRA.2013.6630954},
  issn		= {1050-4729},
  month		= {May}
}

@InProceedings{	  metta2008icub,
  title		= {The iCub humanoid robot: an open platform for research in
		  embodied cognition},
  author	= {Metta, Giorgio and Sandini, Giulio and Vernon, David and
		  Natale, Lorenzo and Nori, Francesco},
  booktitle	= {Proceedings of the 8th workshop on performance metrics for
		  intelligent systems},
  pages		= {50--56},
  year		= {2008},
  organization	= {ACM}
}

@Article{	  metta:yarp:2006,
  added-at	= {2007-05-05T21:46:40.000+0200},
  author	= {Metta, G. and Fitzpatrick, P. and Natale, L.},
  biburl	= {http://www.bibsonomy.org/bibtex/2f0bb53290115f13f411351a3ec17dfd6/bernuly}
		  ,
  interhash	= {6bfa3b44b8aeaf82e1f6b97679f77ad9},
  intrahash	= {f0bb53290115f13f411351a3ec17dfd6},
  journal	= {International Journal of Advanced Robotics Systems,
		  special issue on Software Development and Integration in
		  Robotics},
  keywords	= {imported},
  number	= 1,
  timestamp	= {2007-05-05T21:46:40.000+0200},
  title		= {YARP: Yet Another Robot Platform},
  volume	= 3,
  year		= 2006
}

@Article{	  michel04cyberboticsltd,
  author	= {Olivier Michel},
  title		= {Cyberbotics Ltd. Webots TM : Professional Mobile Robot
		  Simulation},
  journal	= {Int. Journal of Advanced Robotic Systems},
  year		= {2004},
  volume	= {1},
  pages		= {39--42}
}

@InProceedings{	  miller03,
  author	= {Miller, A.T. and Christensen, H.I.},
  booktitle	= {Robotics and Automation, 2003. Proceedings. ICRA '03. IEEE
		  International Conference on},
  title		= {Implementation of multi-rigid-body dynamics within a
		  robotic grasping simulator},
  year		= {2003},
  volume	= {2},
  pages		= {2262-2268 vol.2},
  keywords	= {control system analysis computing;digital simulation;force
		  control;friction;manipulator dynamics;manipulator
		  kinematics;contact forces;control algorithms;dynamic
		  simulation;friction forces;linear complementarity
		  problem;multiple rigid body dynamics;robotic grasping
		  simulator;robotic simulation systems;Computational
		  modeling;Force
		  control;Friction;Grasping;Manipulators;Production
		  systems;Robotic assembly;Robots;System testing;Systems
		  engineering and theory},
  doi		= {10.1109/ROBOT.2003.1241930},
  issn		= {1050-4729},
  month		= {Sept}
}

@InProceedings{	  miller03automatic,
  title		= {Automatic grasp planning using shape primitives},
  author	= {Miller, Andrew T and Knoop, Steffen and Christensen,
		  Henrik and Allen, Peter K and others},
  booktitle	= {Robotics and Automation, 2003. Proceedings. ICRA'03. IEEE
		  International Conference on},
  volume	= {2},
  pages		= {1824--1829},
  year		= {2003},
  organization	= {IEEE}
}

@Article{	  miller04,
  author	= {Miller, A.T. and Allen, P.K.},
  journal	= {Robotics Automation Magazine, IEEE},
  title		= {Graspit! A versatile simulator for robotic grasping},
  year		= {2004},
  volume	= {11},
  number	= {4},
  pages		= {110-122},
  keywords	= {collision avoidance;control system CAD;force
		  control;friction;grippers;interactive systems;manipulator
		  dynamics;optimisation;user interfaces;collision
		  detection;contact determination system;dynamic simulation
		  system;force-closure grasps;grasp analysis;pick-and-place
		  type task;robotic grasping;versatile
		  simulator;visualization method},
  doi		= {10.1109/MRA.2004.1371616},
  issn		= {1070-9932},
  month		= {Dec}
}

@InProceedings{	  miller99,
  author	= {Andrew T. Miller and Peter K. Allen},
  title		= {Examples of 3d grasp quality computations},
  booktitle	= {In IEEE International Conference on Robotics and
		  Automation},
  year		= {1999},
  pages		= {1240--1246},
  publisher	= {IEEE}
}

@Misc{		  mscadams,
  author	= {MSC Software Corp},
  title		= {Adams},
  howpublished	= {\url{http://www.mscsoftware.com/product/adams}},
  note		= {Accessed: 2015-08-26}
}

@Misc{		  opende,
  author	= {Smith, Russel},
  title		= {Open Dynamic Engine},
  year		= {2000},
  note		= "Accessed: 2016-1-20",
  howpublished	= "\url{http://www.ode.org/}"
}

@Article{	  odhner14,
  author	= {Odhner, Lael U and Jentoft, Leif P and Claffee, Mark R and
		  Corson, Nicholas and Tenzer, Yaroslav and Ma, Raymond R and
		  Buehler, Martin and Kohout, Robert and Howe, Robert D and
		  Dollar, Aaron M},
  title		= {A compliant, underactuated hand for robust manipulation},
  year		= {2014},
  doi		= {10.1177/0278364913514466},
  journal	= {The International Journal of Robotics Research}
}

@Misc{		  osrf,
  author	= {OSRF},
  title		= {Open Source Robotics FOundation},
  year		= {2011},
  note		= "Accessed: 2016-1-20",
  howpublished	= "\url{http://osrfoundation.org/}"
}

@InProceedings{	  pokorny13c,
  author	= {Pokorny, Florian T. and Kragic, Danica},
  booktitle	= {IEEE/RSJ International Conference on Intelligent Robots
		  and Systems (IROS)},
  title		= {Classical Grasp Quality Evaluation: New Theory and
		  Algorithms},
  year		= {2013},
  address	= {Tokyo, Japan},
  url		= {http://www.csc.kth.se/~fpokorny/static/publications/pokorny2013c.pdf}
		  
}

@Misc{		  reflexhand,
  author	= {RightHand Robotics},
  title		= {Reflex SF Spec Sheet},
  howpublished	= {\url{http://www.righthandrobotics.com/main:reflex}},
  note		= {Accessed: 2015-08-26}
}

@Article{	  roa14,
  title		= {Grasp quality measures: review and performance},
  author	= {Roa, M{\'a}ximo A and Su{\'a}rez, Ra{\'u}l},
  journal	= {Autonomous Robots},
  volume	= {38},
  number	= {1},
  pages		= {65--88},
  year		= {2014},
  publisher	= {Springer}
}

@Misc{		  robotiq3finger,
  author	= {Robotiq},
  title		= {3-Finger Adaptive Robot Gripper Spec Sheet},
  howpublished	= {\url{http://robotiq.com/products/industrial-robot-hand/}},
  note		= {Accessed: 2015-08-26}
}

@Misc{		  rocchi15gbp,
  author	= {Alessio Rocchi},
  title		= {gazebo BLEM patch},
  howpublished	= {\url{https://bitbucket.org/arocchi/gazebo}},
  note		= {Accessed: 2015-08-26}
}

@InCollection{	  rokach10,
  title		= {A survey of clustering algorithms},
  author	= {Rokach, Lior},
  booktitle	= {Data mining and knowledge discovery handbook},
  pages		= {269--298},
  year		= {2010},
  publisher	= {Springer}
}

@Conference{	  ros,
  title		= {ROS: an open-source Robot Operating System},
  booktitle	= {ICRA Workshop on Open Source Software},
  year		= {2009},
  attachments	= {http://www.willowgarage.com/sites/default/files/icraoss09-ROS.pdf}
		  ,
  author	= {Morgan Quigley and Ken Conley and Brian P. Gerkey and Josh
		  Faust and Tully Foote and Jeremy Leibs and Rob Wheeler and
		  Andrew Y. Ng}
}

@Misc{		  rosales15shp,
  author	= {Carlos J. Rosales},
  title		= {pisa-iit-soft-hand},
  howpublished	= {\url{https://github.com/CentroEPiaggio/pisa-iit-soft-hand}}
		  ,
  note		= {Accessed: 2015-08-26}
}

@Article{	  sherman2011241,
  title		= "Simbody: multibody dynamics for biomedical research ",
  journal	= "Procedia \{IUTAM\} ",
  volume	= "2",
  number	= "0",
  pages		= "241 - 261",
  year		= "2011",
  issn		= "2210-9838",
  author	= "Michael A. Sherman and Ajay Seth and Scott L. Delp"
}

@InProceedings{	  tikhanoff:2008:osc:1774674.1774684,
  author	= {Tikhanoff, V. and Cangelosi, A. and Fitzpatrick, P. and
		  Metta, G. and Natale, L. and Nori, F.},
  title		= {An Open-source Simulator for Cognitive Robotics Research:
		  The Prototype of the iCub Humanoid Robot Simulator},
  booktitle	= {Proceedings of the 8th Workshop on Performance Metrics for
		  Intelligent Systems},
  series	= {PerMIS '08},
  year		= {2008},
  isbn		= {978-1-60558-293-1},
  location	= {Gaithersburg, Maryland},
  pages		= {57--61},
  numpages	= {5},
  url		= {http://doi.acm.org/10.1145/1774674.1774684},
  doi		= {10.1145/1774674.1774684},
  acmid		= {1774684},
  publisher	= {ACM},
  address	= {New York, NY, USA},
  keywords	= {cognitive robotics, iCub humanoid robot, open-source,
		  simulator}
}

@Conference{	  tsagarakis12,
  title		= {Compliant Humanoid COMAN: Optimal Joint Stiffness Tuning
		  for Modal Frequency Control.},
  booktitle	= {ICRA},
  year		= {2013},
  author	= {Tsagarakis, Nikos G. and G. M. Cerda and Zhibin Li and
		  Caldwell, Darwin G. },
  pages		= {665-670}
}

@Article{	  tsagarakis2007icub,
  title		= {iCub: the design and realization of an open humanoid
		  platform for cognitive and neuroscience research},
  author	= {Tsagarakis, Nikolaos G and Metta, Giorgio and Sandini,
		  Giulio and Vernon, David and Beira, Ricardo and Becchi,
		  Francesco and Righetti, Ludovic and Santos-Victor, Jose and
		  Ijspeert, Auke Jan and Carrozza, Maria Chiara and others},
  journal	= {Advanced Robotics},
  volume	= {21},
  number	= {10},
  pages		= {1151--1175},
  year		= {2007},
  publisher	= {Taylor \& Francis}
}

@InProceedings{	  wbi14,
  author	= {Eljaik, Jorhabib and del Prete, Andrea and Traversaro,
		  SIlvio and Randazzo, Marco and Nori, Francesco},
  booktitle	= {ICRA, Workshop on MATLAB/Simulink for Robotics Education
		  and Research},
  publisher	= {IEEE},
  title		= {WBI Toolbox (WBI-T): A Simulink Wrapper for Robot Whole
		  Body Control.},
  year		= 2014
}

@InProceedings{	  weisz12,
  author	= {Weisz, Jonathan and Allen, P.K.},
  booktitle	= {Robotics and Automation (ICRA), 2012 IEEE International
		  Conference on},
  title		= {Pose error robust grasping from contact wrench space
		  metrics},
  year		= {2012},
  pages		= {557-562},
  keywords	= {grippers;robust control;Barrett hand;Columbia grasp
		  database;contact wrench space metrics;data driven
		  approach;grasp wrench space epsilon quality metric;pose
		  error robust grasping;robust force closure;robustness
		  analysis;Databases;Force;Grasping;Joints;Measurement;Robustness;Uncertainty}
		  ,
  doi		= {10.1109/ICRA.2012.6224697},
  issn		= {1050-4729},
  month		= {May}
}
