@INPROCEEDINGS{BerensonManipulation13, 
author={Berenson, D.}, 
booktitle={Intelligent Robots and Systems (IROS), 2013 IEEE/RSJ International Conference on}, 
title={Manipulation of deformable objects without modeling and simulating deformation}, 
year={2013}, 
pages={4525-4532}, 
keywords={Jacobian matrices;approximation theory;collision avoidance;manipulators;Jacobian matrix;approximation;collision avoidance;deformable objects manipulation;diminishing rigidity concept;gripper collision;object geometry;robot;Collision avoidance;Computational modeling;Deformable models;Equations;Grippers;Jacobian matrices;Robots}, 
doi={10.1109/IROS.2013.6697007}, 
ISSN={2153-0858}, 
month={Nov},}

@article{Birglen11,
  title={From flapping wings to underactuated fingers and beyond: a broad look to self-adaptive mechanisms},
  author={Birglen, L},
  journal={Mechanical Sciences},
  volume={2},
  number={1},
  pages={5--10},
  year={2011}
}

@inproceedings{Boeing07,
  title={Evaluation of real-time physics simulation systems},
  author={Boeing, Adrian and Br{\"a}unl, Thomas},
  booktitle={Proceedings of the 5th international conference on Computer graphics and interactive techniques in Australia and Southeast Asia},
  pages={281--288},
  year={2007},
  organization={ACM}
}

@inproceedings{Bonilla14,
  title={Grasping with Soft Hands},
  author={Bonilla, M and Farnioli, E and Piazza, C and Catalano, M and Grioli, G and Garabini, M and Gabiccini, M and Bicchi, A},
  booktitle={Humanoid Robots (Humanoids), 2014 14th IEEE-RAS International Conference on},
  pages={581--587},
  year={2014},
  organization={IEEE}
}

@article{Catalano14,
  title={Adaptive synergies for the design and control of the Pisa/IIT SoftHand},
  author={Catalano, Manuel G and Grioli, Giorgio and Farnioli, Edoardo and Serio, Alessandro and Piazza, Cristina and Bicchi, Antonio},
  journal={The International Journal of Robotics Research},
  volume={33},
  number={5},
  pages={768--782},
  year={2014},
  publisher={SAGE Publications}
}

@article{Cully15,
  title={Robots that can adapt like animals},
  author={Cully, Antoine and Clune, Jeff and Tarapore, Danesh and Mouret, Jean-Baptiste},
  journal={Nature},
  volume={521},
  number={7553},
  pages={503--507},
  year={2015},
  publisher={Nature Publishing Group}
}

@article{Diankov08OpenRAVE,
  title={OpenRAVE: A planning architecture for autonomous robotics},
  author={Diankov, Rosen and Kuffner, James},
  journal={Robotics Institute, Pittsburgh, PA, Tech. Rep. CMU-RI-TR-08-34},
  volume={79},
  year={2008}
}

@INPROCEEDINGS{Deimel13, 
author={Deimel, R. and Brock, O.}, 
booktitle={Robotics and Automation (ICRA), 2013 IEEE International Conference on}, 
title={A compliant hand based on a novel pneumatic actuator}, 
year={2013}, 
pages={2047-2053}, 
keywords={dexterous manipulators;pneumatic actuators;PneuFlex;RBO hand;compliant robotic hand;extensive grasping experiments;pneumatic actuator;robotic fingers;robust grasping performance;robust shape matching;Fatigue;Materials;Robots;Robustness;Thumb;Wrist}, 
doi={10.1109/ICRA.2013.6630851}, 
ISSN={1050-4729}, 
month={May},}

@article{Deimel14,
  title={A novel type of compliant, underactuated robotic hand for dexterous grasping},
  author={Deimel, Raphael and Brock, Oliver},
  journal={Robotics: Science and Systems, Berkeley, CA},
  pages={1687--1692},
  year={2014}
}

@inproceedings{Dogar12,
   author = "Mehmet Dogar and Kaijen Hsiao and Matei Ciocarlie and Siddhartha Srinivasa",
   title = "Physics-Based Grasp Planning Through Clutter",
   booktitle = "Robotics: Science and Systems VIII",
   month = "July",
   year = "2012",
}

@INPROCEEDINGS{EppnerPlanning15, 
author={Eppner, C. and Brock, O.}, 
booktitle={Robotics and Automation (ICRA), 2015 IEEE International Conference on}, 
title={Planning grasp strategies That Exploit Environmental Constraints}, 
year={2015}, 
pages={4947-4952}, 
keywords={environmental factors;planning;robots;constraint exploitations;environmental constraints;grasp planning strategies;human grasping;robotic grasping;Force;Grasping;Image edge detection;Planning;Robot sensing systems;Robustness}, 
doi={10.1109/ICRA.2015.7139886}, 
month={May},}

@INPROCEEDINGS{Erez15, 
author={Erez, T. and Tassa, Y. and Todorov, E.}, 
booktitle={Robotics and Automation (ICRA), 2015 IEEE International Conference on}, 
title={Simulation tools for model-based robotics: Comparison of Bullet, Havok, MuJoCo, ODE and PhysX}, 
year={2015}, 
pages={4397-4404}, 
keywords={control engineering computing;digital simulation;middleware;robots;Bullet;Havok;MuJoCo;ODE;PhysX;gaming engines;model-based robotics;simulation tools;Accuracy;Computational modeling;Engines;Joints;Mathematical model;Robot kinematics}, 
doi={10.1109/ICRA.2015.7139807}, 
month={May},}


@inproceedings{Ferrari92,
  title={Planning optimal grasps},
  author={Ferrari, Carlo and Canny, John},
  booktitle={Robotics and Automation, 1992. Proceedings., 1992 IEEE International Conference on},
  pages={2290--2295},
  year={1992},
  organization={IEEE}
}

@inproceedings{grioli12,
  title={Adaptive synergies: an approach to the design of under-actuated robotic hands},
  author={Grioli, Giorgio and Catalano, Manuel and Silvestro, Emanuele and Tono, Simone and Bicchi, Antonio},
  booktitle={Intelligent Robots and Systems (IROS), 2012 IEEE/RSJ International Conference on},
  pages={1251--1256},
  year={2012},
  organization={IEEE}
}

@article{Hacket14,
year={2014},
issn={0929-5593},
journal={Autonomous Robots},
volume={36},
number={1-2},
doi={10.1007/s10514-013-9367-7},
title={Foreword to the special issue on autonomous grasping and manipulation},
url={http://dx.doi.org/10.1007/s10514-013-9367-7},
publisher={Springer US},
keywords={Autonomous manipulation; Manipulators; Sensing; Evaluation; Robot hand; Robot arm},
author={Hackett, Douglas and Pippine, James and Watson, Adam and Sullivan, Charles and Pratt, Gill},
pages={5-9},
language={English}
}

@inproceedings{Hauser13BLEM,
  title={Robust contact generation for robot simulation with unstructured meshes},
  author={Hauser, Kris},
  booktitle={International Symposium on Robotics Research, Singapore},
  year={2013}
}

@incollection{Hsu14,
  title={Extending Open Dynamics Engine for the DARPA Virtual Robotics Challenge},
  author={Hsu, John M and Peters, Steven C},
  booktitle={Simulation, Modeling, and Programming for Autonomous Robots},
  pages={37--48},
  year={2014},
  publisher={Springer}
}

@ARTICLE{JunggonKim13, 
author={Junggon Kim and Iwamoto, K. and Kuffner, J.J. and Ota, Y. and Pollard, N.S.}, 
journal={Robotics, IEEE Transactions on}, 
title={Physically Based Grasp Quality Evaluation Under Pose Uncertainty}, 
year={2013}, 
volume={29}, 
number={6}, 
pages={1424-1439}, 
keywords={manipulator kinematics;dynamic simulation;grasping process;object dynamics;physically based grasp quality evaluation;pose uncertainty;Computational modeling;Grasping;Robot kinematics;Robustness;Uncertainty;Grasp quality evaluation;object dynamics;pose uncertainty}, 
doi={10.1109/TRO.2013.2273846}, 
ISSN={1552-3098}, 
month={Dec},}

@INPROCEEDINGS{Kappler15,
  title={Leveraging big data for grasp planning},
  author={Kappler, Daniel and Bohg, Jeannette and Schaal, Stefan},
  booktitle={Robotics and Automation (ICRA), 2015 IEEE International Conference on},
  pages={4304--4311},
  year={2015},
  organization={IEEE}
}

@INPROCEEDINGS{Koenig08, 
author={Koenig, N. and Howard, A.}, 
booktitle={Intelligent Robots and Systems, 2004. (IROS 2004). Proceedings. 2004 IEEE/RSJ International Conference on}, 
title={Design and use paradigms for Gazebo, an open-source multi-robot simulator}, 
year={2004}, 
volume={3}, 
pages={2149-2154 vol.3}, 
keywords={application program interfaces;control engineering computing;digital simulation;mobile robots;multi-robot systems;Gazebo;Player project;Stage project;grained control;mobile robots;open-source multi-robot simulator;Computational modeling;Educational robots;Friction;Mobile robots;Open source software;Packaging;Robot sensing systems;Service robots;Testing;Vehicle dynamics}, 
doi={10.1109/IROS.2004.1389727}, 
month={Sept},}

@incollection{Leon10openGRASP,
  title={OpenGrasp: a toolkit for robot grasping simulation},
  author={Le{\'o}n, Beatriz and Ulbrich, Stefan and Diankov, Rosen and Puche, Gustavo and Przybylski, Markus and Morales, Antonio and Asfour, Tamim and Moisio, Sami and Bohg, Jeannette and Kuffner, James and others},
  booktitle={Simulation, Modeling, and Programming for Autonomous Robots},
  pages={109--120},
  year={2010},
  publisher={Springer}
}

@INPROCEEDINGS{Ma13, 
author={Ma, R.R. and Odhner, L.U. and Dollar, A.M.}, 
booktitle={Robotics and Automation (ICRA), 2013 IEEE International Conference on}, 
title={A modular, open-source 3D printed underactuated hand}, 
year={2013}, 
pages={2737-2743}, 
keywords={control engineering computing;design engineering;dexterous manipulators;grippers;public domain software;rapid prototyping (industrial);three-dimensional printing;3D-printable robotic gripper;3D-printed components;adjustable finger design;commonly-accessible rapid-prototyping techniques;compact robotic gripper;compliant flexure joints;design modifications;design tradeoffs;finger designs;four-finger hand;lightweight robotic gripper;modular finger design;off-the-shelf components;off-the-shelf parts;open-source 3D printed underactuated hand;open-source designs;open-source user community;robotic hands;Assembly;Geometry;Personal digital assistants;Robots}, 
doi={10.1109/ICRA.2013.6630954}, 
ISSN={1050-4729}, 
month={May},}

@INPROCEEDINGS{Miller03, 
author={Miller, A.T. and Christensen, H.I.}, 
booktitle={Robotics and Automation, 2003. Proceedings. ICRA '03. IEEE International Conference on}, 
title={Implementation of multi-rigid-body dynamics within a robotic grasping simulator}, 
year={2003}, 
volume={2}, 
pages={2262-2268 vol.2}, 
keywords={control system analysis computing;digital simulation;force control;friction;manipulator dynamics;manipulator kinematics;contact forces;control algorithms;dynamic simulation;friction forces;linear complementarity problem;multiple rigid body dynamics;robotic grasping simulator;robotic simulation systems;Computational modeling;Force control;Friction;Grasping;Manipulators;Production systems;Robotic assembly;Robots;System testing;Systems engineering and theory}, 
doi={10.1109/ROBOT.2003.1241930}, 
ISSN={1050-4729}, 
month={Sept},}

@inproceedings{Miller03automatic,
  title={Automatic grasp planning using shape primitives},
  author={Miller, Andrew T and Knoop, Steffen and Christensen, Henrik and Allen, Peter K and others},
  booktitle={Robotics and Automation, 2003. Proceedings. ICRA'03. IEEE International Conference on},
  volume={2},
  pages={1824--1829},
  year={2003},
  organization={IEEE}
}

@ARTICLE{Miller04, 
author={Miller, A.T. and Allen, P.K.}, 
journal={Robotics Automation Magazine, IEEE}, 
title={Graspit! A versatile simulator for robotic grasping}, 
year={2004}, 
volume={11}, 
number={4}, 
pages={110-122}, 
keywords={collision avoidance;control system CAD;force control;friction;grippers;interactive systems;manipulator dynamics;optimisation;user interfaces;collision detection;contact determination system;dynamic simulation system;force-closure grasps;grasp analysis;pick-and-place type task;robotic grasping;versatile simulator;visualization method}, 
doi={10.1109/MRA.2004.1371616}, 
ISSN={1070-9932}, 
month={Dec},}

@INPROCEEDINGS{Miller99,
    author = {Andrew T. Miller and Peter K. Allen},
    title = {Examples of 3d grasp quality computations},
    booktitle = {In IEEE International Conference on Robotics and Automation},
    year = {1999},
    pages = {1240--1246},
    publisher = {IEEE}
}

@Misc{MSCAdams,
author =   {MSC Software Corp},
title =    {Adams},
howpublished = {\url{http://www.mscsoftware.com/product/adams}},
note = {Accessed: 2015-08-26}
}

@article{Odhner14,
author = {Odhner, Lael U and Jentoft, Leif P and Claffee, Mark R and Corson, Nicholas and Tenzer, Yaroslav and Ma, Raymond R and Buehler, Martin and Kohout, Robert and Howe, Robert D and Dollar, Aaron M}, 
title = {A compliant, underactuated hand for robust manipulation},
year = {2014}, 
doi = {10.1177/0278364913514466}, 
journal = {The International Journal of Robotics Research} 
}

@inproceedings{Pokorny13c,
    author = {Pokorny, Florian T. and Kragic, Danica},
    booktitle = {IEEE/RSJ International Conference on Intelligent Robots and Systems (IROS)},
    title = {Classical Grasp Quality Evaluation: New Theory and Algorithms},
    year = {2013},
    address = {Tokyo, Japan},
    url = {http://www.csc.kth.se/~fpokorny/static/publications/pokorny2013c.pdf},
}

@Misc{ReflexHand,
author =   {RightHand Robotics},
title =    {Reflex SF Spec Sheet},
howpublished = {\url{http://www.righthandrobotics.com/main:reflex}},
note = {Accessed: 2015-08-26}
}

@article{Roa14,
  title={Grasp quality measures: review and performance},
  author={Roa, M{\'a}ximo A and Su{\'a}rez, Ra{\'u}l},
  journal={Autonomous Robots},
  volume={38},
  number={1},
  pages={65--88},
  year={2014},
  publisher={Springer}
}

@Misc{Rosales15SHP,
author =   {Carlos J. Rosales},
title =    {pisa-iit-soft-hand},
howpublished = {\url{https://github.com/CentroEPiaggio/pisa-iit-soft-hand}},
note = {Accessed: 2015-08-26}
}

@Misc{Robotiq3Finger,
author =   {Robotiq},
title =    {3-Finger Adaptive Robot Gripper Spec Sheet},
howpublished = {\url{http://robotiq.com/products/industrial-robot-hand/}},
note = {Accessed: 2015-08-26}
}

@Misc{Rocchi15GBP,
author =   {Alessio Rocchi},
title =    {gazebo BLEM patch},
howpublished = {\url{https://bitbucket.org/arocchi/gazebo}},
note = {Accessed: 2015-08-26}
}

@incollection{Rokach10,
  title={A survey of clustering algorithms},
  author={Rokach, Lior},
  booktitle={Data mining and knowledge discovery handbook},
  pages={269--298},
  year={2010},
  publisher={Springer}
}

@INPROCEEDINGS{Weisz12, 
author={Weisz, Jonathan and Allen, P.K.}, 
booktitle={Robotics and Automation (ICRA), 2012 IEEE International Conference on}, 
title={Pose error robust grasping from contact wrench space metrics}, 
year={2012}, 
pages={557-562}, 
keywords={grippers;robust control;Barrett hand;Columbia grasp database;contact wrench space metrics;data driven approach;grasp wrench space epsilon quality metric;pose error robust grasping;robust force closure;robustness analysis;Databases;Force;Grasping;Joints;Measurement;Robustness;Uncertainty}, 
doi={10.1109/ICRA.2012.6224697}, 
ISSN={1050-4729}, 
month={May},}

@ARTICLE{Anitescu97,
  title     = "Formulating Dynamic {Multi-Rigid-Body} Contact Problems with
               Friction as Solvable Linear Complementarity Problems",
  author    = "{Anitescu, Mihai And Potra, Florian}",
  journal   = "Nonlinear Dynamics",
  publisher = "Kluwer Academic Publishers",
  volume    =  14,
  number    =  3,
  pages     = "231--247",
  year      =  1997,
  keywords  = "ICRA16 Stable Hands"
}

@MISC{bulletpe,
  title        = "Bullet Physics Engine",
  howpublished = "\url{http://bulletphysics.org/wordpress/}",
  note         = "Accessed: 2016-1-20",
  keywords     = "ICRA16 Stable Hands"
}

@MISC{opende,
  title        = "Open Dynamics Engine",
  howpublished = "\url{http://ode.org/}",
  note         = "Accessed: 2016-1-20",
  keywords     = "ICRA16 Stable Hands"
}

